@book{Algaze1993,
  author = {Algaze, G.},
  year = {1993},
  title = {The Uruk World System},
  subtitle = {The Dynamics of Expansion of Early Mesopotamian Civilization},
  address = {Chicago},
  publisher = {University of Chicago Press},
}

@book{Algaze2005,
  author = {Algaze, G.},
  year = {2005},
  title = {The Uruk World System},
  subtitle = {The Dynamics of Expansion of Early Mesopotamian Civilization},
  edition = {2nd, revised},
  address = {Chicago},
  publisher = {University of Chicago Press},
}

@incollection{Algaze2013,
  author = {Algaze, Guillermo},
  year = {2013},
  title = {The End of Prehistory and the Uruk Period},
  booktitle = {}, 
  editor = {Crawford, Harriet},
  address = {London and New York},
  publisher = {Routledge},
  pages = {68-94},
}

@book{ATU1,
  author = {Falkenstein, A.},
  title = {Archaische Texte aus Uruk},
  series = {ATU},
  year = {1936},
  number = {1},
  address = {Berlin},
}

@book{ATU2,
  author = {Green, M. and Nissen, H.},
  title = {Zeichenliste der Archaischen Texte aus Uruk},
  series = {ATU},
  number = {2},
  year = {1987},
  address = {Berlin},
  ids = {ZATU},
}

@book{ATU3,
  author = {Englund, R. and Nissen, H.},
  year = {1993},
  title = {Die lexikalischen Listen der archaischen Texte aus Uruk},
  series = {ATU},
  number = {3},
  address = {Berlin},
  ids = {LLATU},
}

@book{ATU5,
  author = {Englund, R.},
  year = {1994},
  title = {Archaic Administrative Texts from Uruk: The Early Campaigns},
  series = {ATU},
  number = {5},
  address = {Berlin},
}

@book{ATU6,
  author = {Englund, R. and Nissen, H.},
  year = {1994},
  title = {Archaische Verwaltungs-texte aus Uruk: Vorderasiatische Museum II},
  series = {ATU},
  number = {6},
  address = {Berlin},
}

@book{ATU7,
  author = {Englund, R. and Nissen, H.},
  year = {2001},
  title = {Archaische Verwaltungs-texte aus Uruk: Die Heidelberger Sammlung},
  series = {ATU},
  number = {7},
  address = {Berlin},
}

@article{Benati2015,
  author = {Benati, Giacomo},
  year = {2015},
  title = {Re-modeling Political Economy in Early 3rd Millennium BC Mesopotamia: Patterns of Socio-Economic Organization in Archaic Ur (Tell al-Muqayyar, Iraq)},
  journal = {CDLJ},
  volume = {2015:2},
  pages = {1--37},
  url = {https://cdli.earth/articles/cdlj/2015-2},
}

@dataset{CDLI,
  date     = {2000/},
  editor   = {Pagé-Perron, Émilie and Dahl, Jacob L. and Lafont, Bertrand and Renn, Jürgen and Englund, Robert K. and Damerow, Peter},
  title    = {Cuneiform Digital Library Initiative},
  eprint   = {https://cdli.earth},
  keywords = {reference},
}

@report{CDLI-gh,
  author = {Englund, Robert K.},
  title = {Proto-cuneiform sign list},
  date = {2023},
  eprint = {https://cdli-gh.github.io/proto-cuneiform_signs/},
}

@book{CUSAS01,
  author = {Monaco, S.},
  year = {2007},
  title = {The Cornell University Archaic Tablets},
  series = {CUSAS},
  number = {1},
  address = {Bethesda, MD},
}

@book{CUSAS21,
  author = {Monaco, S.},
  year = {2014},
  title = {Archaic Bullae and Tablets in the Cornell University Collections},
  series = {CUSAS},
  number = {21},
  address = {Bethesda, MD},
}

@book{CUSAS31,
  author = {Monaco, S.},
  year = {2016},
  title = {Archaic Cuneiform Tablets from Private Collections},
  series = {CUSAS},
  number = {31},
  address = {Bethesda, MD},
}

@inbook{DamerowEnglund1987,
  author     = {Damerow, Peter and Englund, Robert K.},
  bookauthor = {Green, Margret W. and Nissen, Hans J.},
  booktitle  = {Zeichenliste der archaischen Texte aus Uruk},
  chapter    = {3},
  date       = {1987},
  number     = {2},
  pages      = {117--165},
  publisher  = {Gebr. Mann Verlag},
  series     = {Archaische Texte aus Uruk},
  title      = {Die Zahlzeichensysteme der archaischen Texte aus Uruk},
  langid = {german},
  related = {DamerowEnglund1987/offprint},
  relatedtype = {reprint},
}

@online{DamerowEnglund1987/offprint,
  eprint = {https://cdli.mpiwg-berlin.mpg.de/files-up/publications/englund1987a.pdf},
}

@inbook{Englund1998,
  author = {Englund, Robert K.},
  title  = {Texts from the Late Uruk Period},
  booktitle = {Mesopotamien},
  booksubtitle = {Späturuk-Zeit und Frühdynastische Zeit},
  date = {1998},
  series = {Orbis Biblicus et Orientalis},
  issn = {1015-1850},
  number = {160/1},
  isbn = {3-7278-1166-8},
  pages = {13--233},
  url = {https://www.zora.uzh.ch/id/eprint/151545/},
}

% Englund, R.K. 2009: The smell of the cage. CDLJ 2009/4: . 
@article{Englund2009,
  author = {Englund, R. K.},
  year = {2009},
  title = {The smell of the cage},
  journal = {CDLJ},
  volume = {2009:4},
  pages = {1--27},
  url = {https://cdli.earth/articles/cdlj/2009-4},
}

@book{MSVO1,
  author = {Englund, R. and Grégoire, J.-P.},
  year = {1991},
  title = {The Proto-Cuneiform Texts from Jemdet Nasr},
  series = {MSVO},
  number = {1},
  address = {Berlin},
}

@book{MSVO3,
  author = {Damerow, P.},
  title = {The Proto-Cuneiform Texts from the Erlenmeyer Collection},
  series = {MSVO},
  number = {3},
  address = {Berlin},
  note = {forthcoming},
}

@book{MSVO4,
  author = {Englund, R.},
  year = {1996},
  title = {Proto-Cuneiform Texts from Diverse Collections},
  series = {MSVO},
  number = {4},
  address = {Berlin},
}

% Johnson, J. Cale 2015. Late Uruk bicameral orthographies and their Early Dynastic Rezeptionsgeschichte, in R. Dittmann and G.J. Selz (eds) It’s a Long Way to a Historiography of the Early Dynastic Period(s) (Altertumskunde des Vorderen Orients 15): 169–210. Münster: Ugarit Verlag. 
@incollection{Johnson2015,
  author = {Johnson, J. Cale},
  year = {2015},
  title = {Late Uruk bicameral orthographies and their Early Dynastic Rezeptionsgeschichte},
  booktitle = {It's a Long Way to a Historiography of the Early Dynastic Period(s) (Altertumskunde des Vorderen Orients 15)},
  editor = {R. Dittmann and G. J. Selz},
  address = {Münster},
  publisher = {Ugarit Verlag},
  pages = {169-210},
}

% Johnson, J.C. 2016. Deciphering the Late Uruk butchering texts, in M.B. D’Anna, C. Jauß and J.C. Johnson (eds) Food and Urbanization: Material and Textual Perspectives on Alimentary Practice in Early Mesopotamia (Origini. Rivista de Preistoria e Protostoria della Civiltà Antiche 37): 46–55. Roma: Gangemi Editore. 
@incollection{Johnson2016,
  author = {Johnson, J. C.},
  year = {2016},
  title = {Deciphering the Late Uruk butchering texts},
  booktitle = {Material and Textual Perspectives on Alimentary Practice in Early Mesopotamia (Origini. Rivista de Preistoria e Protostoria della Civiltà Antiche 37)},
  editor = {M. B. D'Anna and C. Jauß and J. C. Johnson},
  address = {Roma},
  publisher = {Gangemi Editore},
  pages = {46-55},
}

% Johnson, J.C. 2019. Meat distribution in Late Uruk diacritical feasts. Second-order bookkeeping techniques and their institutional context in late fourth millennium BCE Mesopotamia, in J. Renn and M. Schemmel (eds) Culture and Cognition. Essays in Honor of Peter Damerow (Max Planck Research Library for the History and Development of Knowledge, Proceedings 11): 69–80. Berlin: Max-Planck- Gesellschaft zur Förderung der Wissenschaften. 
@incollection{Johnson2019,
  author = {Johnson, J. C.},
  year = {2019},
  title = {Meat distribution in Late Uruk diacritical feasts. Second-order bookkeeping techniques and their institutional context in late fourth millennium BCE Mesopotamia},
  booktitle = {Culture and Cognition. Essays in Honor of Peter Damerow (Max Planck Research Library for the History and Development of Knowledge, Proceedings 11)},
  editor = {J. Renn and M. Schemmel},
  address = {Berlin},
  publisher = {Max-Planck- Gesellschaft zur Förderung der Wissenschaften},
  pages = {69-80},
}

% Keetman, J. 2020. Sumerisch auf Tafeln der Schriftstufe Uruk III, in I. Arkhipov, L. Kogan and N. Koslova (eds) The Third Millennium: Studies in Early Mesopotamia and Syria in Honor of Walter Sommerfeld and Manfred Krebernik: 341–376. Leiden/Boston: Brill. 
@incollection{Keetman2020,
  author = {Keetman, J.},
  year = {2020},
  title = {Sumerisch auf Tafeln der Schriftstufe Uruk III},
  booktitle = {The Third Millennium: Studies in Early Mesopotamia and Syria in Honor of Walter Sommerfeld and Manfred Krebernik: . Leiden/},
  editor = {I. Arkhipov and L. Kogan and N. Koslova},
  address = {Boston},
  publisher = {Brill},
  pages = {341-376},
}

@book{LAK,
  author    = {Deimel, Anton},
  date      = {1922},
  number    = {40},
  publisher = {J. C. Hinrichs'sche Buchhandlung},
  series    = {Wissenschaftliche Veröffentlichungen der Deutschen Orient-Gesellschaft},
  title     = {Liste der archaischen Keilschriftzeichen von Fara},
  langid = {german},
  keywords = {signlist},
}

@book{LabatMEA,
  author  = {Labat, René and Labat, Florence Malbran},
  title   = "Manuel D'épigraphie Akkadienne Signes Syllabaire Idéogrammes",
  edition = "5th",
  year    = "1995",
  address = "Paris",
}

@dataset{OSL,
  date   = {2014/},
  editor = {Veldhuis, Niek and Tinney, Steve and others},
  eprint = {http://oracc.org/osl/},
  title  = {Oracc Sign List},
  keywords = {reference},
}

@dataset{PCSL,
  date   = {2024/},
  editor = {Tinney, Steve},
  title  = {PCSL: The Proto-Cuneiform Sign List},
  eprint = {https://build-oracc.museum.upenn.edu/pcsl},
}

@book{PI,
  author = {Langdon, S.},
  year = {1928},
  title = {The Herbert Weld Collection in the Ashmolean Museum: Pictographic Inscriptions from Jemdet Nasr},
  series = {OECT},
  number = {7},
  address = {Oxford},
}

@artwork{P225850,
  eprint      = {P222640},
  eprinttype  = {cdli},
  institution = {Musée du Louvre},
  location    = {Paris, France},
  number      = {AO 17551},
}

@article{Steinkeller1995adATU2,
  author = {Steinkeller, P.},
  title = {Review of Green, M., Nissen, H., Zeichenliste der Archaischen Texte aus Uruk, ATU 2},
  year = {1995},
  journal = {BiOr},
  volume = {52},
  pages = {689-713},
}

@article{Steinkeller1995adATU3,
  author = {Steinkeller, P.},
  year = {1995-96},
  title = {Review of Englund, R., Nissen, H., Die lexikalischen Listen der archaischen Texte aus Uruk, ATU 3},
  journal = {AfO},
  volume = {42--43},
  pages = {211-214},
}

@phdthesis{Wagensonner2016,
  author      = {Wagensonner, Klaus},
  school      = {Universität Wien},
  title       = {Die frühen lexikalischen Texte und ihr Aufbau: Zu den archaischen und frühdynastischen Wortlisten, der Anordnung ihrer Einträge und den Klassifikationssystemen in den frühen Phasen der Keilschrift},
  date        = {2016},
}
