/Users/stinney/orc/bib/00etc/rl-unicode.bib